%#######################################################################################################################
% Mohsen Naderi
% email:mohsen (at) manderi.com
% email: mnaderi (at) gmail.com
%
% $Date$
% $Id$
%#######################################################################################################################

@STRING{conf_cidr   = "Proceedings of Biennial Conference on Innovative Data Systems Research"}
@STRING{conf_icde   = "Proceedings of the International Conference on Data Engineering"}
@STRING{conf_mw     = "ACM/IFIP/USENIX 11th International Middleware Conference"}
@STRING{conf_sigmod = "Proceedings of the ACM SIGMOD International Conference on Management of Data"}
@STRING{conf_vldb   = "Proceedings of the International Conference on Very Large Data Bases"}

%=======================================================================================================================
% in Proceedings / Articles
%=======================================================================================================================

@INPROCEEDINGS   {abadi:cidr05,
  title        = {The Design of the Borealis Stream Processing Engine},
  author       = {Daniel J. Abadi and
                  Yanif Ahmad and
                  Magdalena Balazinska and
                  Ugur Cetintemel and
                  Mitch Cherniack and
                  Jeong-Hyon Hwang and
                  Wolfgang Lindner and
                  Anurag S. Maskey and
                  Alexander Rasin and
                  Esther Ryvkina and
                  Nesime Tatbul and
                  Ying Xing and
                  Stan Zdonik},
  crossref     = {conf:cidr:2005}
}

