%#######################################################################################################################
% Mohsen Naderi
% email:mohsen (at) manderi.com
% email: mnaderi (at) gmail.com
%#######################################################################################################################

@ARTICLE         {aldridge:2014,
  title        = "High-Frequency Runs and Flash Crash Predictability",
  author       = "Irene Aldridge",
  journal      = "Journal of Portfolio Management",
  year         = {2014},
  volume       = "40",
  number       = {3},
  urlZ         = {https://papers.ssrn.com/sol3/papers.cfm?abstract_id=2375834},
  url2Z        = {http://www.bfjlaward.com/pdf/25949/113-123_Aldridge_JPM_0417.pdf}
}

@ARTICLE         {andersen:2014,
  title        = {{VPIN} and the flash crash},
  author       = {Torben Andersen and
                  Oleg Bondarenko},
  journal      = {Journal of Financial Markets},
  volume       = {17},
  number       = {0},
  pages        = {1--46},
  year         = {2014},
  issnZ        = {1386-4181},
  doi          = {http://dx.doi.org/10.1016/j.finmar.2013.05.005},
  urlZ         = {http://www.sciencedirect.com/science/article/pii/S1386418113000189},
}

@MISC            {web:sec-cftc:preliminary,
  title        = "Preliminary Findings Regarding the Market Events of May 6, 2010",
  author       = "CFTC and SEC",
  day          = 18,
  month        = 3,
  year         = 2010,
  institution  = {SEC and CFTC},
  urlZ         = {http://www.sec.gov/sec-cftc-prelimreport.pdf}
}

@MISC            {web:sec-cftc:marketevents,
  title        = "Findings Regarding the Market Events of May 6, 2010",
  author       = "CFTC and SEC",
  month        = 9,
  year         = 2010,
  institution  = {SEC and CFTC},
  urlZ1        = {http://www.sec.gov/news/studies/2010/marketevents-report.pdf},
  urlZ         = {http://www.cftc.gov/ucm/groups/public/@otherif/documents/ifdocs/staff-findings050610.pdf}
}

